<record><leader>00000cas a2200000 a 4500</leader><controlfield tag="001">27996308</controlfield><controlfield tag="008">930428c198u9999njuwr ne      0    0eng c</controlfield><datafield ind1=" " ind2=" " tag="010"><subfield code="a">sn 93060921 </subfield></datafield><datafield ind1=" " ind2=" " tag="040"><subfield code="a">NJW</subfield><subfield code="b">eng</subfield><subfield code="c">NJW</subfield><subfield code="d">OCL</subfield><subfield code="d">NYS</subfield><subfield code="d">OCLCQ</subfield><subfield code="d">OCLCF</subfield><subfield code="d">OCLCO</subfield></datafield><datafield ind1="1" ind2=" " tag="029"><subfield code="a">AU@</subfield><subfield code="b">000025002109</subfield></datafield><datafield ind1=" " ind2=" " tag="042"><subfield code="a">pcc</subfield></datafield><datafield ind1=" " ind2=" " tag="043"><subfield code="a">n-us-nj</subfield></datafield><datafield ind1="0" ind2="4" tag="245"><subfield code="a">The Jersey City reporter.</subfield></datafield><datafield ind1=" " ind2=" " tag="260"><subfield code="a">Hoboken, N.J. :</subfield><subfield code="b">Hudson Reporter, Inc.</subfield></datafield><datafield ind1=" " ind2=" " tag="300"><subfield code="a">v. :</subfield><subfield code="b">ill. ;</subfield><subfield code="c">40 cm.</subfield></datafield><datafield ind1=" " ind2=" " tag="310"><subfield code="a">Weekly</subfield></datafield><datafield ind1=" " ind2=" " tag="580"><subfield code="a">"Incorporating the: Jersey City news, Greenville news, Bayonne facts."</subfield></datafield><datafield ind1=" " ind2=" " tag="588"><subfield code="a">Description based on: Vol. 3, no. 37 (Oct. 5, 1986). Latest issue consulted: vol. 20, no. 41 (Sept. 28, 2003).</subfield></datafield><datafield ind1=" " ind2="0" tag="651"><subfield code="a">Jersey City (N.J.)</subfield><subfield code="v">Newspapers.</subfield></datafield><datafield ind1=" " ind2="0" tag="651"><subfield code="a">Hudson County (N.J.)</subfield><subfield code="v">Newspapers.</subfield></datafield><datafield ind1=" " ind2="7" tag="655"><subfield code="a">Newspapers.</subfield><subfield code="2">fast</subfield><subfield code="0">(OCoLC)fst01423814</subfield></datafield><datafield ind1=" " ind2="7" tag="651"><subfield code="a">New Jersey</subfield><subfield code="z">Hudson County.</subfield><subfield code="2">fast</subfield><subfield code="0">(OCoLC)fst01208130</subfield></datafield><datafield ind1=" " ind2="7" tag="651"><subfield code="a">New Jersey</subfield><subfield code="z">Jersey City.</subfield><subfield code="2">fast</subfield><subfield code="0">(OCoLC)fst01207670</subfield></datafield><datafield ind1=" " ind2=" " tag="752"><subfield code="a">United States</subfield><subfield code="b">New Jersey</subfield><subfield code="c">Hudson</subfield><subfield code="d">Hoboken.</subfield></datafield></record>